@Article{liu2022convnet,
  author  = {Zhuang Liu and Hanzi Mao and Chao-Yuan Wu and Christoph Feichtenhofer and Trevor Darrell and Saining Xie},
  title   = {A ConvNet for the 2020s},
  journal = {Proceedings of the IEEE/CVF Conference on Computer Vision and Pattern Recognition (CVPR)},
  year    = {2022},
}

@misc{ayush0finetune,
  title = {Finetune ConvNext on CIFAR10 using W\&B},
  author = {Ayush Thakur},
  url = {https://colab.research.google.com/drive/1ijAxGthE9RENJJQRO17v9A7PTd1Tei9F?usp=sharing},
  urldate = {2024-02-14},
}

@article{krizhevsky2009learning,
  title={Learning multiple layers of features from tiny images},
  author={Krizhevsky, Alex and Hinton, Geoffrey and others},
  year={2009},
  publisher={Toronto, ON, Canada}
}